[gd_scene load_steps=5 format=2]

[ext_resource path="res://assets/fonts/sources/Roboto/Roboto-Regular.ttf" type="DynamicFontData" id=1]
[ext_resource path="res://src/UI/Editor/Utils/Components/field_component.gd" type="Script" id=2]

[sub_resource type="StyleBoxFlat" id=1]
bg_color = Color( 0, 0, 0, 0.329412 )

[sub_resource type="DynamicFont" id=2]
use_filter = true
font_data = ExtResource( 1 )

[node name="FieldComponent" type="MarginContainer"]
margin_right = 170.0
margin_bottom = 29.0
rect_min_size = Vector2( 0, 30 )
size_flags_horizontal = 3
custom_constants/margin_right = 3
custom_constants/margin_top = 3
custom_constants/margin_left = 3
custom_constants/margin_bottom = 3
script = ExtResource( 2 )
__meta__ = {
"_edit_use_anchors_": false
}
text = "Text"
prefix_x = "X"
suffix_x = "px"
only_transparency = true
disable_input_x = false
visible_text = true
visible_prefix_x = true
visible_suffix_x = false

[node name="HContainer" type="HBoxContainer" parent="."]
margin_left = 3.0
margin_top = 3.0
margin_right = 167.0
margin_bottom = 27.0
custom_constants/separation = 0

[node name="Text" type="Label" parent="HContainer"]
margin_right = 82.0
margin_bottom = 24.0
size_flags_horizontal = 3
size_flags_vertical = 3
text = "Text"
valign = 1

[node name="XInput" type="LineEdit" parent="HContainer"]
margin_left = 82.0
margin_right = 164.0
margin_bottom = 24.0
size_flags_horizontal = 3
text = "0"

[node name="Prefix" type="Label" parent="HContainer/XInput"]
anchor_bottom = 1.0
margin_right = 10.0
rect_min_size = Vector2( 16, 0 )
custom_styles/normal = SubResource( 1 )
custom_fonts/font = SubResource( 2 )
custom_colors/font_color = Color( 0.605469, 0.605469, 0.605469, 1 )
text = "X"
align = 1
valign = 1
__meta__ = {
"_edit_use_anchors_": false
}

[node name="Suffix" type="Label" parent="HContainer/XInput"]
visible = false
modulate = Color( 1, 1, 1, 0.278431 )
anchor_left = 0.634146
anchor_top = 0.0869565
anchor_right = 0.97561
anchor_bottom = 0.913043
rect_min_size = Vector2( 18, 0 )
custom_fonts/font = SubResource( 2 )
text = "px"
align = 2
valign = 1
__meta__ = {
"_edit_use_anchors_": true
}

[connection signal="gui_input" from="." to="." method="_on_field_component_gui_input"]
[connection signal="focus_entered" from="HContainer/XInput" to="." method="_on_input_focus_entered"]
[connection signal="focus_exited" from="HContainer/XInput" to="." method="_on_input_focus_exited"]
[connection signal="gui_input" from="HContainer/XInput" to="." method="_on_input_gui_input"]
[connection signal="text_changed" from="HContainer/XInput" to="." method="_on_input_text_changed"]
[connection signal="text_entered" from="HContainer/XInput" to="." method="_on_input_text_entered"]
[connection signal="visibility_changed" from="HContainer/XInput/Prefix" to="." method="_on_placeholder_visibility_changed"]
