[gd_scene load_steps=32 format=2]

[ext_resource path="res://assets/themes/flat_dark.tres" type="Theme" id=1]
[ext_resource path="res://src/UI/creator.gd" type="Script" id=2]
[ext_resource path="res://src/UI/Editor/PropertyPicker.tscn" type="PackedScene" id=3]
[ext_resource path="res://src/UI/Editor/PreviewImage.tscn" type="PackedScene" id=4]
[ext_resource path="res://icon.png" type="Texture" id=5]
[ext_resource path="res://assets/fonts/sources/Monserrat/Montserrat-Bold.ttf" type="DynamicFontData" id=6]
[ext_resource path="res://assets/fonts/sources/Monserrat/Montserrat-Medium.ttf" type="DynamicFontData" id=7]
[ext_resource path="res://assets/images/icons/section-block.frames.res" type="SpriteFrames" id=8]
[ext_resource path="res://assets/images/icons/section-npc.frames.res" type="SpriteFrames" id=9]
[ext_resource path="res://assets/images/npcs/objects/coin/smb3.frames.res" type="SpriteFrames" id=10]
[ext_resource path="res://src/UI/Editor/FileViewer.tscn" type="PackedScene" id=11]
[ext_resource path="res://src/UI/Editor/FileSelectDialog.tscn" type="PackedScene" id=12]
[ext_resource path="res://src/UI/Editor/EditorScripting.tscn" type="PackedScene" id=13]
[ext_resource path="res://assets/images/blocks/default-block.frames.res" type="SpriteFrames" id=14]
[ext_resource path="res://src/UI/Editor/NameBehaviour.tscn" type="PackedScene" id=15]
[ext_resource path="res://assets/images/npcs/powerups/fire_flower/smb3.frames.res" type="SpriteFrames" id=16]
[ext_resource path="res://assets/images/player/mario/small.frames.res" type="SpriteFrames" id=17]
[ext_resource path="res://src/UI/Editor/BlockGroundView.tscn" type="PackedScene" id=18]

[sub_resource type="StyleBoxEmpty" id=1]

[sub_resource type="StyleBoxEmpty" id=2]

[sub_resource type="StyleBoxEmpty" id=3]

[sub_resource type="StyleBoxEmpty" id=4]

[sub_resource type="StyleBoxEmpty" id=5]

[sub_resource type="StyleBoxFlat" id=6]
bg_color = Color( 0, 0, 0, 0.498039 )

[sub_resource type="DynamicFont" id=7]
size = 25
use_filter = true
font_data = ExtResource( 7 )

[sub_resource type="DynamicFont" id=8]
size = 25
use_filter = true
font_data = ExtResource( 6 )

[sub_resource type="StyleBoxFlat" id=9]
content_margin_left = 7.0
content_margin_right = 7.0
content_margin_top = 5.0
content_margin_bottom = 5.0
bg_color = Color( 0.215686, 0.215686, 0.215686, 0.741176 )
border_width_left = 1
border_width_top = 1
border_width_right = 1
border_width_bottom = 1
border_color = Color( 0, 0, 0, 0.466667 )
border_blend = true
corner_radius_top_left = 3
corner_radius_top_right = 3
corner_radius_bottom_right = 3
corner_radius_bottom_left = 3
shadow_size = 2

[sub_resource type="StyleBoxFlat" id=10]
content_margin_left = 7.0
content_margin_right = 7.0
content_margin_top = 5.0
content_margin_bottom = 5.0
bg_color = Color( 0.215686, 0.215686, 0.215686, 1 )
border_width_left = 1
border_width_top = 1
border_width_right = 1
border_width_bottom = 1
border_color = Color( 0, 0, 0, 0.466667 )
border_blend = true
corner_radius_top_left = 3
corner_radius_top_right = 3
corner_radius_bottom_right = 3
corner_radius_bottom_left = 3
shadow_size = 2

[sub_resource type="StyleBoxFlat" id=11]
content_margin_left = 7.0
content_margin_right = 7.0
content_margin_top = 5.0
content_margin_bottom = 5.0
bg_color = Color( 0.215686, 0.215686, 0.215686, 0.352941 )
border_width_left = 1
border_width_top = 1
border_width_right = 1
border_width_bottom = 1
border_color = Color( 0, 0, 0, 0.466667 )
border_blend = true
corner_radius_top_left = 3
corner_radius_top_right = 3
corner_radius_bottom_right = 3
corner_radius_bottom_left = 3
shadow_size = 2

[sub_resource type="StyleBoxFlat" id=12]
bg_color = Color( 0.247059, 0.247059, 0.247059, 1 )
border_color = Color( 0.247059, 0.247059, 0.247059, 1 )
border_blend = true
corner_radius_top_left = 5
corner_radius_top_right = 5
corner_radius_bottom_right = 5
corner_radius_bottom_left = 5
expand_margin_left = 6.0
expand_margin_right = 6.0
expand_margin_top = 26.0
expand_margin_bottom = 8.0

[sub_resource type="Theme" id=13]
Button/styles/hover = SubResource( 9 )
Button/styles/normal = SubResource( 10 )
Button/styles/pressed = SubResource( 11 )
WindowDialog/constants/close_v_ofs = 18
WindowDialog/constants/title_height = 18
WindowDialog/styles/panel = SubResource( 12 )

[node name="Creator" type="Panel" groups=[
"editor",
]]
anchor_right = 1.0
anchor_bottom = 1.0
rect_min_size = Vector2( 800, 400 )
theme = ExtResource( 1 )
script = ExtResource( 2 )
__meta__ = {
"_edit_lock_": true
}

[node name="ContentRoot" type="VBoxContainer" parent="."]
anchor_right = 1.0
anchor_bottom = 1.0
margin_left = 7.0
margin_top = 10.0
margin_right = -7.0
margin_bottom = -7.0
custom_constants/separation = 5
__meta__ = {
"_edit_lock_": true,
"_edit_use_anchors_": false
}

[node name="Menu" type="HBoxContainer" parent="ContentRoot"]
margin_right = 1010.0
custom_constants/separation = 15
__meta__ = {
"_edit_lock_": true
}

[node name="FileMenu" type="MenuButton" parent="ContentRoot/Menu"]
visible = false
margin_right = 118.0
margin_bottom = 19.0
rect_min_size = Vector2( 55, 0 )
custom_styles/hover = SubResource( 1 )
custom_styles/pressed = SubResource( 2 )
custom_styles/focus = SubResource( 3 )
custom_styles/disabled = SubResource( 4 )
custom_styles/normal = SubResource( 5 )
text = "KEY_MENU_FILE"
__meta__ = {
"_edit_lock_": true
}

[node name="ScriptMenu" type="MenuButton" parent="ContentRoot/Menu"]
visible = false
margin_right = 167.0
margin_bottom = 19.0
rect_min_size = Vector2( 55, 0 )
custom_styles/hover = SubResource( 1 )
custom_styles/pressed = SubResource( 2 )
custom_styles/focus = SubResource( 3 )
custom_styles/disabled = SubResource( 4 )
custom_styles/normal = SubResource( 5 )
text = "KEY_MENU_SCRIPTING"
__meta__ = {
"_edit_lock_": true
}

[node name="BlockViewMenu" type="MenuButton" parent="ContentRoot/Menu"]
visible = false
margin_right = 167.0
margin_bottom = 19.0
rect_min_size = Vector2( 55, 0 )
focus_mode = 2
custom_styles/hover = SubResource( 1 )
custom_styles/pressed = SubResource( 2 )
custom_styles/focus = SubResource( 3 )
custom_styles/disabled = SubResource( 4 )
custom_styles/normal = SubResource( 5 )
text = "KEY_MENU_BLOCK_VIEW"
__meta__ = {
"_edit_lock_": true
}

[node name="Content" type="HBoxContainer" parent="ContentRoot"]
margin_top = 5.0
margin_right = 1010.0
margin_bottom = 583.0
size_flags_vertical = 3
custom_constants/separation = 9
__meta__ = {
"_edit_lock_": true,
"_edit_use_anchors_": false
}

[node name="FileViewer" parent="ContentRoot/Content" instance=ExtResource( 11 )]
anchor_right = 0.0
anchor_bottom = 0.0
margin_right = 250.0
margin_bottom = 578.0

[node name="Design" type="TabContainer" parent="ContentRoot/Content"]
margin_left = 259.0
margin_right = 1010.0
margin_bottom = 578.0
size_flags_horizontal = 3
size_flags_vertical = 3
tabs_visible = false
all_tabs_in_front = true
__meta__ = {
"_edit_lock_": true,
"_edit_use_anchors_": false
}

[node name="Content" type="Control" parent="ContentRoot/Content/Design"]
anchor_right = 1.0
anchor_bottom = 1.0
margin_left = 10.0
margin_top = 10.0
margin_right = -10.0
margin_bottom = -10.0
__meta__ = {
"_edit_lock_": true
}

[node name="View" type="HSplitContainer" parent="ContentRoot/Content/Design/Content"]
anchor_right = 1.0
anchor_bottom = 1.0
size_flags_horizontal = 0
size_flags_vertical = 0
__meta__ = {
"_edit_lock_": true,
"_edit_use_anchors_": false
}

[node name="PreviewImage" parent="ContentRoot/Content/Design/Content/View" instance=ExtResource( 4 )]
anchor_right = 0.0
anchor_bottom = 0.0
margin_right = 449.0
margin_bottom = 568.0

[node name="Attributes" type="VBoxContainer" parent="ContentRoot/Content/Design/Content/View"]
margin_left = 461.0
margin_right = 731.0
margin_bottom = 568.0
custom_constants/separation = 5
alignment = 1

[node name="NameBehaviour" parent="ContentRoot/Content/Design/Content/View/Attributes" instance=ExtResource( 15 )]
anchor_right = 0.0
anchor_bottom = 0.0
margin_right = 270.0
margin_bottom = 163.0

[node name="PropertyPicker" parent="ContentRoot/Content/Design/Content/View/Attributes" instance=ExtResource( 3 )]
anchor_right = 0.0
anchor_bottom = 0.0
margin_top = 168.0
margin_right = 270.0
margin_bottom = 568.0

[node name="EditorScript" parent="ContentRoot/Content/Design" instance=ExtResource( 13 )]
visible = false
margin_left = 10.0
margin_top = 10.0
margin_right = -10.0
margin_bottom = -10.0

[node name="BlockGroundView" parent="ContentRoot/Content/Design" instance=ExtResource( 18 )]
visible = false
margin_left = 10.0
margin_top = 10.0
margin_right = -10.0
margin_bottom = -10.0

[node name="OptionBg" type="Panel" parent="."]
anchor_right = 1.0
anchor_bottom = 1.0
custom_styles/panel = SubResource( 6 )
__meta__ = {
"_edit_lock_": true,
"_edit_use_anchors_": false
}

[node name="Options" type="CenterContainer" parent="OptionBg"]
anchor_right = 1.0
anchor_bottom = 1.0
rect_min_size = Vector2( 350, 100 )
__meta__ = {
"_edit_lock_": true,
"_edit_use_anchors_": false
}

[node name="Container" type="VBoxContainer" parent="OptionBg/Options"]
margin_left = 229.0
margin_top = 191.0
margin_right = 794.0
margin_bottom = 409.0
custom_constants/separation = 28
alignment = 1
__meta__ = {
"_edit_lock_": true
}

[node name="TitleSection" type="HBoxContainer" parent="OptionBg/Options/Container"]
visible = false
margin_right = 485.0
margin_bottom = 128.0
custom_constants/separation = 17
alignment = 1
__meta__ = {
"_edit_lock_": true
}

[node name="Image" type="TextureRect" parent="OptionBg/Options/Container/TitleSection"]
margin_left = 114.0
margin_right = 242.0
margin_bottom = 128.0
texture = ExtResource( 5 )
__meta__ = {
"_edit_lock_": true
}

[node name="TitleLabel" type="Label" parent="OptionBg/Options/Container/TitleSection"]
margin_left = 259.0
margin_top = 48.0
margin_right = 370.0
margin_bottom = 80.0
custom_fonts/font = SubResource( 7 )
text = "icon.png"
__meta__ = {
"_edit_lock_": true
}

[node name="TypeLabel" type="Label" parent="OptionBg/Options/Container"]
margin_right = 565.0
margin_bottom = 32.0
custom_fonts/font = SubResource( 8 )
text = "KEY_CREATOR_WHAT"
align = 1
__meta__ = {
"_edit_lock_": true
}

[node name="Types" type="HBoxContainer" parent="OptionBg/Options/Container"]
margin_top = 60.0
margin_right = 565.0
margin_bottom = 125.0
custom_constants/separation = 10
alignment = 1
__meta__ = {
"_edit_lock_": true
}

[node name="Block" type="Button" parent="OptionBg/Options/Container/Types"]
margin_right = 70.0
margin_bottom = 65.0
rect_min_size = Vector2( 70, 65 )
hint_tooltip = "KEY_CREATOR_BLOCK"
focus_mode = 0
mouse_default_cursor_shape = 2
__meta__ = {
"_edit_lock_": true
}

[node name="BlockType" type="AnimatedSprite" parent="OptionBg/Options/Container/Types/Block"]
position = Vector2( 19, 11 )
frames = ExtResource( 8 )
frame = 1
playing = true
centered = false
__meta__ = {
"_edit_lock_": true
}

[node name="BlockLabel" type="Label" parent="OptionBg/Options/Container/Types/Block"]
anchor_top = 1.0
anchor_right = 1.0
anchor_bottom = 1.0
margin_top = -21.0
custom_colors/font_color = Color( 0.788235, 0.788235, 0.788235, 1 )
custom_colors/font_color_shadow = Color( 0.0352941, 0.0352941, 0.0352941, 1 )
custom_constants/shadow_as_outline = 1
text = "KEY_BLOCK"
align = 1
valign = 1
clip_text = true
__meta__ = {
"_edit_lock_": true,
"_edit_use_anchors_": false
}

[node name="Enemy" type="Button" parent="OptionBg/Options/Container/Types"]
margin_left = 80.0
margin_right = 150.0
margin_bottom = 65.0
rect_min_size = Vector2( 70, 65 )
hint_tooltip = "KEY_CREATOR_ENEMY"
focus_mode = 0
mouse_default_cursor_shape = 2
__meta__ = {
"_edit_lock_": true
}

[node name="EnemyType" type="AnimatedSprite" parent="OptionBg/Options/Container/Types/Enemy"]
position = Vector2( 19, 11 )
frames = ExtResource( 9 )
playing = true
centered = false
__meta__ = {
"_edit_lock_": true
}

[node name="EnemyLabel" type="Label" parent="OptionBg/Options/Container/Types/Enemy"]
anchor_top = 1.0
anchor_right = 1.0
anchor_bottom = 1.0
margin_top = -21.0
custom_colors/font_color = Color( 0.788235, 0.788235, 0.788235, 1 )
custom_colors/font_color_shadow = Color( 0.0352941, 0.0352941, 0.0352941, 1 )
custom_constants/shadow_as_outline = 1
text = "KEY_ENEMY"
align = 1
valign = 1
clip_text = true
__meta__ = {
"_edit_lock_": true,
"_edit_use_anchors_": false
}

[node name="Object" type="Button" parent="OptionBg/Options/Container/Types"]
margin_left = 160.0
margin_right = 230.0
margin_bottom = 65.0
rect_min_size = Vector2( 70, 65 )
hint_tooltip = "KEY_CREATOR_OBJECT"
focus_mode = 0
mouse_default_cursor_shape = 2
disabled = true
__meta__ = {
"_edit_lock_": true
}

[node name="ObjectType" type="AnimatedSprite" parent="OptionBg/Options/Container/Types/Object"]
position = Vector2( 19, 11 )
frames = ExtResource( 10 )
frame = 1
playing = true
centered = false
__meta__ = {
"_edit_lock_": true
}

[node name="ObjectLabel" type="Label" parent="OptionBg/Options/Container/Types/Object"]
anchor_top = 1.0
anchor_right = 1.0
anchor_bottom = 1.0
margin_top = -21.0
custom_colors/font_color = Color( 0.788235, 0.788235, 0.788235, 1 )
custom_colors/font_color_shadow = Color( 0.0352941, 0.0352941, 0.0352941, 1 )
custom_constants/shadow_as_outline = 1
text = "KEY_OBJECT"
align = 1
valign = 1
clip_text = true
__meta__ = {
"_edit_lock_": true,
"_edit_use_anchors_": false
}

[node name="Activatable" type="Button" parent="OptionBg/Options/Container/Types"]
margin_left = 240.0
margin_right = 310.0
margin_bottom = 65.0
rect_min_size = Vector2( 70, 65 )
hint_tooltip = "KEY_CREATOR_OBJECT"
focus_mode = 0
mouse_default_cursor_shape = 2
__meta__ = {
"_edit_lock_": true
}

[node name="Type" type="AnimatedSprite" parent="OptionBg/Options/Container/Types/Activatable"]
position = Vector2( 19, 11 )
playing = true
centered = false
__meta__ = {
"_edit_lock_": true
}

[node name="Label" type="Label" parent="OptionBg/Options/Container/Types/Activatable"]
anchor_top = 1.0
anchor_right = 1.0
anchor_bottom = 1.0
margin_top = -21.0
custom_colors/font_color = Color( 0.788235, 0.788235, 0.788235, 1 )
custom_colors/font_color_shadow = Color( 0.0352941, 0.0352941, 0.0352941, 1 )
custom_constants/shadow_as_outline = 1
text = "KEY_ACTIVATABLE"
align = 1
valign = 1
clip_text = true
__meta__ = {
"_edit_lock_": true,
"_edit_use_anchors_": false
}

[node name="Powerup" type="Button" parent="OptionBg/Options/Container/Types"]
margin_left = 320.0
margin_right = 405.0
margin_bottom = 65.0
rect_min_size = Vector2( 85, 65 )
hint_tooltip = "KEY_CREATOR_POWERUP"
focus_mode = 0
mouse_default_cursor_shape = 2
disabled = true
__meta__ = {
"_edit_lock_": true
}

[node name="PowerupType" type="AnimatedSprite" parent="OptionBg/Options/Container/Types/Powerup"]
position = Vector2( 26.5, 11 )
frames = ExtResource( 16 )
frame = 1
playing = true
centered = false
__meta__ = {
"_edit_lock_": true
}

[node name="PowerupLabel" type="Label" parent="OptionBg/Options/Container/Types/Powerup"]
anchor_top = 1.0
anchor_right = 1.0
anchor_bottom = 1.0
margin_top = -21.0
custom_colors/font_color = Color( 0.788235, 0.788235, 0.788235, 1 )
custom_colors/font_color_shadow = Color( 0.0352941, 0.0352941, 0.0352941, 1 )
custom_constants/shadow_as_outline = 1
text = "Powerup"
align = 1
valign = 1
clip_text = true
__meta__ = {
"_edit_lock_": true,
"_edit_use_anchors_": false
}

[node name="Player" type="Button" parent="OptionBg/Options/Container/Types"]
margin_left = 415.0
margin_right = 485.0
margin_bottom = 65.0
rect_min_size = Vector2( 70, 65 )
hint_tooltip = "KEY_CREATOR_PLAYER"
focus_mode = 0
mouse_default_cursor_shape = 2
disabled = true
__meta__ = {
"_edit_lock_": true
}

[node name="PlayerType" type="AnimatedSprite" parent="OptionBg/Options/Container/Types/Player"]
position = Vector2( 19, 11 )
frames = ExtResource( 17 )
animation = "walk"
playing = true
centered = false
__meta__ = {
"_edit_lock_": true
}

[node name="PlayerLabel" type="Label" parent="OptionBg/Options/Container/Types/Player"]
anchor_top = 1.0
anchor_right = 1.0
anchor_bottom = 1.0
margin_top = -21.0
custom_colors/font_color = Color( 0.788235, 0.788235, 0.788235, 1 )
custom_colors/font_color_shadow = Color( 0.0352941, 0.0352941, 0.0352941, 1 )
custom_constants/shadow_as_outline = 1
text = "KEY_PLAYER"
align = 1
valign = 1
clip_text = true
__meta__ = {
"_edit_lock_": true,
"_edit_use_anchors_": false
}

[node name="Texture" type="Button" parent="OptionBg/Options/Container/Types"]
margin_left = 495.0
margin_right = 565.0
margin_bottom = 65.0
rect_min_size = Vector2( 70, 65 )
hint_tooltip = "KEY_CREATOR_TEXTURE"
focus_mode = 0
mouse_default_cursor_shape = 2
__meta__ = {
"_edit_lock_": true
}

[node name="TextureType" type="AnimatedSprite" parent="OptionBg/Options/Container/Types/Texture"]
position = Vector2( 19, 11 )
frames = ExtResource( 14 )
frame = 1
playing = true
centered = false
__meta__ = {
"_edit_lock_": true
}

[node name="TextureLabel" type="Label" parent="OptionBg/Options/Container/Types/Texture"]
anchor_top = 1.0
anchor_right = 1.0
anchor_bottom = 1.0
margin_top = -21.0
custom_colors/font_color = Color( 0.788235, 0.788235, 0.788235, 1 )
custom_colors/font_color_shadow = Color( 0.0352941, 0.0352941, 0.0352941, 1 )
custom_constants/shadow_as_outline = 1
text = "KEY_TEXTURE"
align = 1
valign = 1
clip_text = true
__meta__ = {
"_edit_lock_": true,
"_edit_use_anchors_": false
}

[node name="TypesSimples" type="HBoxContainer" parent="OptionBg/Options/Container"]
margin_top = 153.0
margin_right = 565.0
margin_bottom = 218.0
custom_constants/separation = 10
alignment = 1
__meta__ = {
"_edit_lock_": true
}

[node name="OnlyScripting" type="Button" parent="OptionBg/Options/Container/TypesSimples"]
margin_left = 197.0
margin_right = 277.0
margin_bottom = 65.0
rect_min_size = Vector2( 80, 65 )
focus_mode = 0
mouse_default_cursor_shape = 2
size_flags_horizontal = 4
size_flags_vertical = 5
disabled = true
__meta__ = {
"_edit_lock_": true
}

[node name="ScriptingLabel" type="Label" parent="OptionBg/Options/Container/TypesSimples/OnlyScripting"]
anchor_right = 1.0
anchor_bottom = 1.0
custom_colors/font_color = Color( 0.788235, 0.788235, 0.788235, 1 )
custom_colors/font_color_shadow = Color( 0.0352941, 0.0352941, 0.0352941, 1 )
custom_constants/shadow_as_outline = 1
text = "KEY_CREATOR_ONLY_SCRIPTING"
align = 1
valign = 1
autowrap = true
clip_text = true
__meta__ = {
"_edit_lock_": true,
"_edit_use_anchors_": false
}

[node name="Background" type="Button" parent="OptionBg/Options/Container/TypesSimples"]
margin_left = 287.0
margin_right = 367.0
margin_bottom = 65.0
rect_min_size = Vector2( 80, 65 )
hint_tooltip = "KEY_CREATOR_BACKGROUND"
focus_mode = 0
mouse_default_cursor_shape = 2
size_flags_horizontal = 4
size_flags_vertical = 5
disabled = true
__meta__ = {
"_edit_lock_": true
}

[node name="BackgroundLabel" type="Label" parent="OptionBg/Options/Container/TypesSimples/Background"]
anchor_right = 1.0
anchor_bottom = 1.0
margin_left = 4.0
margin_right = -4.0
custom_colors/font_color = Color( 0.788235, 0.788235, 0.788235, 1 )
custom_colors/font_color_shadow = Color( 0.0352941, 0.0352941, 0.0352941, 1 )
custom_constants/shadow_as_outline = 1
text = "KEY_BACKGROUND"
align = 1
valign = 1
autowrap = true
clip_text = true
__meta__ = {
"_edit_use_anchors_": false
}

[node name="SaveDialog" type="FileDialog" parent="."]
anchor_left = 0.5
anchor_top = 0.5
anchor_right = 0.5
anchor_bottom = 0.5
margin_left = -335.0
margin_top = -218.0
margin_right = 335.0
margin_bottom = 218.0
rect_min_size = Vector2( 150, 52.5 )
theme = SubResource( 13 )
popup_exclusive = true
access = 2
filters = PoolStringArray( "*.tex; Binary Image" )
current_dir = "/home/blackblex/Proyectos/Godot/Git/NetSMBgd"
current_path = "/home/blackblex/Proyectos/Godot/Git/NetSMBgd/"
__meta__ = {
"_edit_lock_": true
}

[node name="BehaviourDialog" parent="." instance=ExtResource( 12 )]
window_title = "KEY_BEHAVIOUR"

[connection signal="gui_input" from="." to="." method="_on_Creator_gui_input"]
[connection signal="file_selected" from="ContentRoot/Content/FileViewer" to="." method="_on_file_viewer_file_selected"]
[connection signal="gui_input" from="OptionBg" to="." method="_on_OptionBg_gui_input"]
[connection signal="pressed" from="OptionBg/Options/Container/Types/Block" to="." method="_on_Option_pressed" binds= [ "block" ]]
[connection signal="pressed" from="OptionBg/Options/Container/Types/Enemy" to="." method="_on_Option_pressed" binds= [ "enemy" ]]
[connection signal="pressed" from="OptionBg/Options/Container/Types/Object" to="." method="_on_Option_pressed" binds= [ "object" ]]
[connection signal="pressed" from="OptionBg/Options/Container/Types/Activatable" to="." method="_on_Option_pressed" binds= [ "activatable" ]]
[connection signal="pressed" from="OptionBg/Options/Container/Types/Powerup" to="." method="_on_Option_pressed" binds= [ "powerup" ]]
[connection signal="pressed" from="OptionBg/Options/Container/Types/Player" to="." method="_on_Option_pressed" binds= [ "player" ]]
[connection signal="pressed" from="OptionBg/Options/Container/Types/Texture" to="." method="_on_Option_pressed" binds= [ "texture" ]]
[connection signal="pressed" from="OptionBg/Options/Container/TypesSimples/OnlyScripting" to="." method="_on_Option_pressed" binds= [ "scripting" ]]
[connection signal="file_selected" from="SaveDialog" to="." method="_on_SaveDialog_file_selected"]
