[gd_scene load_steps=5 format=2]

[ext_resource path="res://src/UI/Properties/Property.tscn" type="PackedScene" id=1]
[ext_resource path="res://src/UI/Properties/animation_property.gd" type="Script" id=2]
[ext_resource path="res://src/UI/Editor/Utils/Components/SliderComponent.tscn" type="PackedScene" id=4]
[ext_resource path="res://src/UI/Editor/Utils/Components/OptionComponent.tscn" type="PackedScene" id=5]

[node name="AnimationProperty" instance=ExtResource( 1 )]
script = ExtResource( 2 )
title = "KEY_ANIMATION"

[node name="Title" parent="Root" index="0"]
text = "Animation property"

[node name="Content" parent="Root" index="1"]
margin_bottom = 135.0

[node name="OrientationComponent" parent="Root/Content" index="0" instance=ExtResource( 5 )]
margin_right = 222.0
text = "KEY_ORIENTA"
items = [ "KEY_VERTICAL", "KEY_HORIZONTAL" ]
selected = 0

[node name="FramesComponent" parent="Root/Content" index="1" instance=ExtResource( 4 )]
margin_top = 27.0
margin_right = 222.0
margin_bottom = 67.0
text = "KEY_FRAMES"
min_value = 1.0
max_value = 25.0

[node name="FPSComponent" parent="Root/Content" index="2" instance=ExtResource( 4 )]
margin_top = 65.0
margin_right = 222.0
margin_bottom = 105.0
text = "FPS"
min_value = 5.0
max_value = 20.0

[connection signal="option_changed" from="Root/Content/OrientationComponent" to="." method="_on_orientation_option_changed"]
[connection signal="value_changed" from="Root/Content/FramesComponent" to="." method="_on_slider_value_changed"]
[connection signal="value_changed" from="Root/Content/FPSComponent" to="." method="_on_slider_value_changed"]
