[gd_scene load_steps=5 format=2]

[ext_resource path="res://src/UI/Properties/Property.tscn" type="PackedScene" id=1]
[ext_resource path="res://src/UI/Properties/collision_property.gd" type="Script" id=2]
[ext_resource path="res://src/UI/Editor/Utils/Components/Vector2Component.tscn" type="PackedScene" id=3]
[ext_resource path="res://src/UI/Editor/Utils/Components/CheckComponent.tscn" type="PackedScene" id=4]

[node name="CollisionProperty" instance=ExtResource( 1 )]
script = ExtResource( 2 )
title = "KEY_COLLISION"

[node name="Title" parent="Root" index="0"]
text = "Collision property"

[node name="Content" parent="Root" index="1"]
margin_bottom = 144.0

[node name="SizeComponent" parent="Root/Content" index="0" instance=ExtResource( 3 )]
margin_right = 222.0
margin_bottom = 58.0
text = "KEY_SIZE"
only_integer = true

[node name="PositionComponent" parent="Root/Content" index="1" instance=ExtResource( 3 )]
margin_top = 56.0
margin_right = 222.0
margin_bottom = 114.0
text = "KEY_POSITION"
only_integer = true

[node name="OneDirectionComponent" parent="Root/Content" index="2" instance=ExtResource( 4 )]
visible = false
margin_top = 112.0
margin_right = 222.0
margin_bottom = 142.0
check_text = "KEY_ONE_COLLISION"
visible_text = false

[connection signal="text_input_x_changed" from="Root/Content/SizeComponent" to="." method="_on_component_text_input_x_changed" binds= [ true ]]
[connection signal="text_input_y_changed" from="Root/Content/SizeComponent" to="." method="_on_component_text_input_y_changed" binds= [ true ]]
[connection signal="text_input_x_changed" from="Root/Content/PositionComponent" to="." method="_on_component_text_input_x_changed" binds= [ false ]]
[connection signal="text_input_y_changed" from="Root/Content/PositionComponent" to="." method="_on_component_text_input_y_changed" binds= [ false ]]
