[gd_resource type="Theme" load_steps=23 format=2]

[ext_resource path="res://assets/fonts/creator.tres" type="DynamicFont" id=1]
[ext_resource path="res://assets/themes/old/scroll_bar/creator_grabber_pressed.tres" type="StyleBox" id=2]
[ext_resource path="res://assets/themes/old/scroll_bar/creator_scroll.tres" type="StyleBox" id=3]
[ext_resource path="res://assets/themes/old/scroll_bar/creator_grabber_highlight.tres" type="StyleBox" id=4]
[ext_resource path="res://assets/themes/old/button/creator_normal.tres" type="StyleBox" id=5]
[ext_resource path="res://assets/themes/old/button/creator_hover.tres" type="StyleBox" id=6]
[ext_resource path="res://assets/themes/old/button/creator_pressed.tres" type="StyleBox" id=7]
[ext_resource path="res://assets/themes/old/scroll_bar/creator_grabber.tres" type="StyleBox" id=8]
[ext_resource path="res://assets/themes/old/panel/creator.tres" type="StyleBox" id=9]
[ext_resource path="res://assets/themes/old/menu_button/creator_normal.tres" type="StyleBox" id=10]
[ext_resource path="res://assets/themes/old/menu_button/creator_hover.tres" type="StyleBox" id=11]
[ext_resource path="res://assets/themes/old/menu_button/creator_pressed.tres" type="StyleBox" id=12]
[ext_resource path="res://assets/themes/old/menu_button/creator_disabled.tres" type="StyleBox" id=13]
[ext_resource path="res://assets/themes/old/tree/creator_selected.tres" type="StyleBox" id=14]
[ext_resource path="res://assets/themes/old/popup_menu/creator_panel.tres" type="StyleBox" id=15]
[ext_resource path="res://assets/themes/old/tree/creator_bg.tres" type="StyleBox" id=16]
[ext_resource path="res://assets/themes/old/popup_menu/creator_hover.tres" type="StyleBox" id=17]
[ext_resource path="res://assets/themes/old/popup_menu/creator_separator.tres" type="StyleBox" id=18]
[ext_resource path="res://assets/themes/old/tree/creator_selected_focus.tres" type="StyleBox" id=19]

[sub_resource type="ImageTexture" id=1]

[sub_resource type="ImageTexture" id=2]

[sub_resource type="StyleBoxEmpty" id=3]

[resource]
default_font = ExtResource( 1 )
Button/styles/hover = ExtResource( 6 )
Button/styles/normal = ExtResource( 5 )
Button/styles/pressed = ExtResource( 7 )
MenuButton/styles/disabled = ExtResource( 13 )
MenuButton/styles/hover = ExtResource( 11 )
MenuButton/styles/normal = ExtResource( 10 )
MenuButton/styles/pressed = ExtResource( 12 )
OptionButton/icons/arrow = SubResource( 1 )
Panel/styles/panel = ExtResource( 9 )
PopupMenu/colors/font_color = Color( 0.88, 0.88, 0.88, 1 )
PopupMenu/colors/font_color_accel = Color( 1, 1, 1, 0.509804 )
PopupMenu/colors/font_color_disabled = Color( 0.4, 0.4, 0.4, 0.8 )
PopupMenu/colors/font_color_hover = Color( 0.88, 0.88, 0.88, 1 )
PopupMenu/styles/hover = ExtResource( 17 )
PopupMenu/styles/panel = ExtResource( 15 )
PopupMenu/styles/separator = ExtResource( 18 )
SpinBox/icons/updown = SubResource( 2 )
Tree/colors/custom_button_font_highlight = Color( 0.94, 0.94, 0.94, 1 )
Tree/colors/drop_position_color = Color( 1, 0.3, 0.2, 1 )
Tree/colors/font_color = Color( 0.69, 0.69, 0.69, 1 )
Tree/colors/font_color_selected = Color( 1, 1, 1, 1 )
Tree/colors/guide_color = Color( 0, 0, 0, 0.1 )
Tree/colors/relationship_line_color = Color( 0.27, 0.27, 0.27, 1 )
Tree/colors/title_button_color = Color( 0.88, 0.88, 0.88, 1 )
Tree/constants/button_margin = 4
Tree/constants/draw_guides = 1
Tree/constants/draw_relationship_lines = 0
Tree/constants/hseparation = 4
Tree/constants/item_margin = 16
Tree/constants/scroll_border = 4
Tree/constants/scroll_speed = 12
Tree/constants/vseparation = 4
Tree/styles/bg = ExtResource( 16 )
Tree/styles/selected = ExtResource( 14 )
Tree/styles/selected_focus = ExtResource( 19 )
VScrollBar/styles/grabber = ExtResource( 8 )
VScrollBar/styles/grabber_highlight = ExtResource( 4 )
VScrollBar/styles/grabber_pressed = ExtResource( 2 )
VScrollBar/styles/scroll = ExtResource( 3 )
VScrollBar/styles/scroll_focus = SubResource( 3 )
